@article{Wang2018DesignFingers,
    title = {{Design of a Underactuated Robotic Hand with Three Articulated Fingers}},
    year = {2018},
    journal = {Proceedings of 2018 IEEE 3rd Advanced Information Technology, Electronic and Automation Control Conference, IAEAC 2018},
    author = {Wang, Xuelin and Zhao, Yongguo and Xiao, Yongfei and Zhu, Yunhai and Wang, Yali},
    number = {IAEAC},
    pages = {2562--2566},
    publisher = {IEEE},
    isbn = {9781538645086},
    doi = {10.1109/IAEAC.2018.8577849},
    keywords = {flexible grasp, grasping, multi-fingered hand, optimized design, robot hand, underactuated hand}
}

@book{Martinoli2012SpringerPreface,
    title = {{Springer Tracts in Advanced Robotics: Preface}},
    year = {2012},
    booktitle = {Springer Tracts in Advanced Robotics},
    author = {Martinoli, Alcherio and Mondada, Francesco and Correll, Nikolaus and Mermoud, Gr√©gory},
    volume = {83 STAR},
    isbn = {9783642327223},
    issn = {16107438}
}